<?xml version="1.0" encoding="UTF-8"?><collection xmlns="http://www.loc.gov/MARC21/slim"><record><leader>00591nam--2200181-i-4500</leader><controlfield tag="001">000001688</controlfield><controlfield tag="002">20161230</controlfield><controlfield tag="005">20161230201024</controlfield><controlfield tag="008">060222s1000------------r-----000-0-fre-d</controlfield><datafield ind1=" " ind2=" " tag="040"><subfield code="a">IFIN-HH</subfield></datafield><datafield ind1=" " ind2=" " tag="041"><subfield code="a">fre</subfield></datafield><datafield ind1=" " ind2=" " tag="080"><subfield code="a">015:539.172.4:539.1.074.55</subfield></datafield><datafield ind1="1" ind2=" " tag="100"><subfield code="a">Girard, Jean</subfield></datafield><datafield ind1="1" ind2="0" tag="245"><subfield code="a">Emploi des detecteurs au germanium en spectroscopie gamma et application a l etude de la reaction 64 ni(n,gamma)65 ni</subfield><subfield code="b">These</subfield><subfield code="c">Jean girard</subfield></datafield><datafield ind1=" " ind2=" " tag="260"><subfield code="a">Orsay</subfield><subfield code="b">Faculte Des Sciences D'Orsay</subfield><subfield code="c">1971</subfield></datafield><datafield ind1=" " ind2=" " tag="300"><subfield code="a">37 P. + 21 FIGURES</subfield></datafield><datafield ind1=" " ind2=" " tag="852"><subfield code="a">38289</subfield><subfield code="c">539.1.07:539.1.08</subfield></datafield><datafield ind1=" " ind2=" " tag="CAT"><subfield code="a">Sys</subfield><subfield code="c">20111025</subfield><subfield code="h">134131</subfield></datafield></record></collection>